@online{neuron1k,
  author = {\text{10X Genomics}},
  title = {1k Brain Cells from an E18 Mouse (v3 chemistry)},
  year = {2018},
  url = {https://support.10xgenomics.com/single-cell-gene-expression/datasets/3.0.0/neuron\_1k\_v3},
  urldate = {2019-09-24}
}

@online{fashionproduct,
  author = {\text{Kaggle Open Datasets}},
  title = {Fashion Product Images Dataset},
  year = {2019},
  url = {https://www.kaggle.com/paramaggarwal/fashion-product-images-dataset},
  urldate = {2019-09-24}
}

@article{kaynak1995methods,
  title={Methods of combining multiple classifiers and their applications to handwritten digit recognition},
  author={Kaynak, C},
  journal={Unpublished master`s thesis, Bogazici University},
  year={1995}
}

@article{letham2019constrained,
  title={Constrained Bayesian optimization with noisy experiments},
  author={Letham, Benjamin and Karrer, Brian and Ottoni, Guilherme and Bakshy, Eytan and others},
  journal={Bayesian Analysis},
  volume={14},
  number={2},
  pages={495--519},
  year={2019},
  publisher={International Society for Bayesian Analysis}
}

@inproceedings{snoek2012practical,
  title={Practical bayesian optimization of machine learning algorithms},
  author={Snoek, Jasper and Larochelle, Hugo and Adams, Ryan P},
  booktitle={Advances in neural information processing systems},
  pages={2951--2959},
  year={2012}
}

@InProceedings{mockus1975on,
author="Mo{\v{c}}kus, J.",
editor="Marchuk, G. I.",
title="On bayesian methods for seeking the extremum",
booktitle="Optimization Techniques IFIP Technical Conference Novosibirsk, July 1--7, 1974",
year="1975",
publisher="Springer Berlin Heidelberg",
address="Berlin, Heidelberg",
pages="400--404",
isbn="978-3-540-37497-8"
}


@inproceedings{bergstra2011algorithms,
  title={Algorithms for hyper-parameter optimization},
  author={Bergstra, James S and Bardenet, R{\'e}mi and Bengio, Yoshua and K{\'e}gl, Bal{\'a}zs},
  booktitle={Advances in neural information processing systems},
  pages={2546--2554},
  year={2011}
}

@article{mockus1978application,
  title={The application of Bayesian methods for seeking the extremum},
  author={Mockus, Jonas and Tiesis, Vytautas and Zilinskas, Antanas},
  journal={Towards global optimization},
  volume={2},
  number={117-129},
  pages={2},
  year={1978}
}

@article{brochu2010tutorial,
  title={A tutorial on Bayesian optimization of expensive cost functions, with application to active user modeling and hierarchical reinforcement learning},
  author={Brochu, Eric and Cora, Vlad M and De Freitas, Nando},
  journal={arXiv preprint arXiv:1012.2599},
  year={2010}
}

@inproceedings{snoek2012practical,
  title={Practical bayesian optimization of machine learning algorithms},
  author={Snoek, Jasper and Larochelle, Hugo and Adams, Ryan P},
  booktitle={Advances in neural information processing systems},
  pages={2951--2959},
  year={2012}
}

@inproceedings{tang2016visualizing,
  title={Visualizing large-scale and high-dimensional data},
  author={Tang, Jian and Liu, Jingzhou and Zhang, Ming and Mei, Qiaozhu},
  booktitle={Proceedings of the 25th international conference on world wide web},
  pages={287--297},
  year={2016},
  organization={International World Wide Web Conferences Steering Committee}
}

@article{mcinnes2018umap,
  title={Umap: Uniform manifold approximation and projection for dimension reduction},
  author={McInnes, Leland and Healy, John and Melville, James},
  journal={arXiv preprint arXiv:1802.03426},
  year={2018}
}

@article{maaten2008tsne,
  title={Visualizing data using t-SNE},
  author={van der Maaten, Laurens and Hinton, Geoffrey},
  journal={J. Mach. Learn. Res.},
  volume={9},
  number={Nov},
  pages={2579--2605},
  year={2008}
}

@article{van2009comparativeReview,
  title={Dimensionality reduction: a comparative},
  author={van der Maaten, Laurens and Postma, Eric and Van den Herik, Jaap},
  journal={J. Mach. Learn. Res.},
  volume={10},
  pages={66--71},
  year={2009}
}

@inproceedings{cao2017automatic,
  title={Automatic Selection of t-{SNE} Perplexity},
  author={Cao, Yanshuai and Wang, Luyu},
  booktitle={ICML AutoML Workshop},
  month={Oct.},
  year={2017},
  address = {Sydney, Australia},
}

@article{wattenberg2016use,
  title={How to use t-sne effectively},
  author={Wattenberg, Martin and Vi{\'e}gas, Fernanda and Johnson, Ian},
  journal={Distill},
  volume={1},
  number={10},
  pages={e2},
  year={2016}
}

@article{venna2010,
  title={Information retrieval perspective to nonlinear dimensionality reduction for data visualization},
  author={Venna, Jarkko and Peltonen, Jaakko and Nybo, Kristian and Aidos, Helena and Kaski, Samuel},
  journal={J. Mach. Learn. Res.},
  volume={11},
  number={Feb.},
  pages={451--490},
  year={2010}
}

@article{geng2005,
  title={Supervised nonlinear dimensionality reduction for visualization and classification},
  author={Geng, Xin and Zhan, De-Chuan and Zhou, Zhi-Hua},
  journal={IEEE Trans. Syst., Man, Cybern., Syst, Part B (Cybernetics)},
  volume={35},
  number={6},
  pages={1098--1107},
  year={2005},
  publisher={IEEE}
}

@article{kruskal1964,
  title={Multidimensional scaling by optimizing goodness of fit to a nonmetric hypothesis},
  author={Kruskal, Joseph B},
  journal={Psychometrika},
  volume={29},
  number={1},
  pages={1--27},
  year={1964},
  publisher={Springer}
}

@article{demartines1997,
  title={Curvilinear component analysis: A self-organizing neural network for nonlinear mapping of data sets},
  author={Demartines, Pierre and H{\'e}rault, Jeanny},
  journal={IEEE Trans. Neural Netw.},
  volume={8},
  number={1},
  pages={148--154},
  year={1997},
  publisher={IEEE}
}

@article{sammon1969,
  title={A nonlinear mapping for data structure analysis},
  author={Sammon, John W},
  journal={IEEE Trans. Comput.},
  volume={18},
  number={5},
  pages={401--409},
  year={1969},
  publisher={IEEE}
}

@article{lee2015,
  title={Multi-scale similarities in stochastic neighbour embedding: Reducing dimensionality while preserving both local and global structure},
  author={Lee, John A and Peluffo-Ord{\'o}{\~n}ez, Diego H and Verleysen, Michel},
  journal={Neurocomputing},
  volume={169},
  pages={246--261},
  year={2015},
  publisher={Elsevier}
}

@inproceedings{strickert2012,
  title={No Perplexity in Stochastic Neighbor Embedding},
  author={Strickert, Marc},
  booktitle={New Challenges in Neural Computation Workshop},
  pages={68},
  year={2012},
  IGNOREorganization={Citeseer}
}

@inproceedings{lee2014,
  title={Multiscale stochastic neighbor embedding: Towards parameter-free dimensionality reduction},
  author={Lee, John Aldo and Peluffo-Ord{\'o}{\~n}ez, Diego Hern{\'a}n and Verleysen, Michel},
  booktitle={Proc. 22nd ESANN},
  pages={177--182},
  month={Apr.},
  year={2014},
  address = {Bruges, Belgium},
}

@inproceedings{bibal2016,
  title={Learning Interpretability for Visualizations using Adapted Cox Models through a User Experiment},
  author={Bibal, Adrien and Fr{\'e}nay, Benoit},
  booktitle={NIPS Workshop on Interpretable Machine Learning in Complex Systems},
  month={Dec.},
  address={Barcelona, Spain},
  year={2016}
}

@inproceedings{Davidson2007surveyClt,
  title={A Survey of Clustering with Instance Level Constraints},
  author={Ian Davidson and Sugato Basu},
  booktitle={ACM Trans. Knowl. Discov. Data},
  pages={1--41},
  year={2007}
}

@article{Grossi2016surveyDM,
  title={Survey on using constraints in data mining},
  author={Valerio Grossi and Andrea Romei and Franco Turini},
  journal={Data Min. Knowl. Discov.},
  year={2016},
  volume={31},
  pages={424-464}
}

@misc{Dua2017,
  author = "Dheeru, Dua and Karra Taniskidou, Efi",
  year = "2017",
  title = "{UCI} Machine Learning Repository",
  url = "http://archive.ics.uci.edu/ml",
  institution = "University of California, Irvine, School of Information and Computer Sciences"
}

@TECHREPORT{nene1996,
    author = {Sameer A. Nene and Shree K. Nayar and Hiroshi Murase},
    title = {Columbia Object Image Library (COIL-20)},
    year = {1996},
    publisher={Technical report CUCS-005-96}
}

@book{world2014,
  title={World development indicators},
  author={\relax{The World Bank}},
  url = "https://data.worldbank.org/products/wdi",
  year={2014}
}

@article{alkire2017,
  title={Multidimensional poverty index summer 2017: Brief methodological note and results},
  author={Alkire, Sabina and Robles, Gisela},
  journal={OPHI Methodological Notes},
  volume={44},
  year={2017},
  publisher={University of Oxford}
}

@inproceedings{wagstaff2001constrained,
  author={Wagstaff, Kiri and Cardie, Claire and Rogers, Seth and Schr{\"o}dl, Stefan et al.},
  title={Constrained k-means clustering with background knowledge},
  booktitle = {Proc. 18th Int. Conf. Mach. Learn.},
  series = {ICML '01},
  year = {2001},
  isbn = {1-55860-778-1},
  pages = {577--584}
}

@inproceedings{bar2003learning,
  title={Learning distance functions using equivalence relations},
  author={Bar-Hillel, Aharon and Hertz, Tomer and Shental, Noam and Weinshall, Daphna},
  booktitle={Proc. 20th Int. Conf. Mach. Learn.},
  series = {ICML '03},
  pages={11--18},
  year={2003}
}

@inproceedings{xing2003distance,
  title = {Distance Metric Learning with Application to Clustering with Side-Information},
  author = {Eric P. Xing and Michael I. Jordan and Russell, Stuart J and Andrew Y. Ng},
  booktitle = {Adv. in Neur. Inf. Process. Syst. 15},
  pages = {521--528},
  year = {2003},
}


@inproceedings{basu2004active,
  title={Active semi-supervision for pairwise constrained clustering},
  author={Basu, Sugato and Banerjee, Arindam and Mooney, Raymond J},
  booktitle={Proc. SIAM Int. Conf. Data Mining},
  pages={333--344},
  doi = {10.1137/1.9781611972740.31},
  year={2004},
  organization={SIAM}
}

@inproceedings{davidson2005clustering,
  title={Clustering with constraints: Feasibility issues and the k-means algorithm},
  author={Davidson, Ian and Ravi, SS},
  booktitle={Proc. SIAM Int. Conf. Data Mining},
  pages={138--149},
  year={2005},
  organization={SIAM}
}

@article{demiriz2008using,
  title={Using assignment constraints to avoid empty clusters in k-means clustering},
  author={Demiriz, Ayhan and Bennett, Kristin P and Bradley, Paul S},
  journal={Constrained clustering: Adv. Algorithms Theory Appl.},
  pages={201},
  year={2008},
  publisher={Chapman \& Hall}
}

@article{banerjee2008clustering,
  title={Clustering with balancing constraints},
  author={Banerjee, Arindam and Ghosh, Joydeep},
  journal={Constrained clustering: Adv. Algorithms Theory Appl.},
  pages={171},
  year={2008},
  publisher={Chapman \& Hall}
}

@article{kumar2008semisupervised,
  title={Semisupervised clustering with metric learning using relative comparisons},
  author={Kumar, Nimit and Kummamuru, Krishna},
  journal={IEEE Trans. Knowl. Data Eng.},
  volume={20},
  number={4},
  pages={496--503},
  year={2008},
  publisher={IEEE}
}

@incollection{tang2007pairwise,
  title={Pairwise constraints-guided dimensionality reduction},
  author={Tang, Wei and Zhong, Shi},
  booktitle={Computational Methods of Feature Selection},
  pages={295--312},
  year={2007},
  publisher={Chapman \& Hall}
}

@inproceedings{zhang2007ssdr,
  title={Semi-supervised dimensionality reduction},
  author={Zhang, Daoqiang and Zhou, Zhi-Hua and Chen, Songcan},
  booktitle={Proc. SIAM Int. Conf. Data Mining},
  pages={629--634},
  year={2007},
  organization={SIAM}
}

@inproceedings{davidson2009gcdr,
  title={Knowledge Driven Dimension Reduction for Clustering.},
  author={Davidson, Ian},
  booktitle={Int. Joint Conf. AI},
  pages={1034--1039},
  year={2009}
}

@inproceedings{cevikalp2008CLPP,
  title={Semi-supervised dimensionality reduction using pairwise equivalence constraints},
  author={Cevikalp, Hakan and Verbeek, Jakob and Jurie, Fr{\'e}d{\'e}ric and Klaser, Alexander},
  booktitle={VISAPP 3rd Int. Conf. Comput. Vision Theory Appl.},
  volume={1},
  pages={489--496},
  year={2008},
}

@article{Sugiyama2008SELF,
  title={Semi-supervised local Fisher discriminant analysis for dimensionality reduction},
  author={Masashi Sugiyama and Tsuyoshi Id{\'e} and Shinichi Nakajima and Jun Sese},
  journal={Machine Learning},
  year={2008},
  volume={78},
  pages={35-61},
  issn={1573-0565},
  doi={10.1007/s10994-009-5125-7}
}

@article{giordani2007bpca,
  title={Principal component analysis with boundary constraints},
  author={Giordani, Paolo and Kiers, Henk AL},
  journal={J. Chemometr.},
  volume={21},
  number={12},
  pages={547--556},
  year={2007},
  publisher={Wiley Online Library}
}

@article{Endert2017SOTA,
  title = {The State of the Art in Integrating Machine Learning into Visual Analytics},
  IGNOREauthor={Endert, A and Ribarsky, W and Turkay, C and Wong, BL and Nabney, Ian and Blanco, I D{\'\i}az and Rossi, F},
  author={Endert, A and others},
  journal = {Computer Graphics Forum},
  volume = {36},
  number = {8},
  pages = {458--486},
  year={2017},
}

@article{Sacha2017Interaction,
  title={Visual Interaction with Dimensionality Reduction: A Structured Literature Analysis},
  IGNOREauthor={Dominik Sacha and Leishi Zhang and Michael Sedlmair and John Aldo Lee and Jaakko Peltonen and Daniel Weiskopf and Stephen C. North and Daniel A. Keim},
  author={Dominik Sacha and others},
  journal={IEEE Trans. Vis. Comput. Graphics},
  year={2017},
  volume={23},
  pages={241-250}
}

@article{scikit-learn,
 title={Scikit-learn: Machine Learning in {P}ython},
 IGNORE={Pedregosa, F. and Varoquaux, G. and Gramfort, A. and Michel, V.
         and Thirion, B. and Grisel, O. and Blondel, M. and Prettenhofer, P.
         and Weiss, R. and Dubourg, V. and Vanderplas, J. and Passos, A. and
         Cournapeau, D. and Brucher, M. and Perrot, M. and Duchesnay, E.},
 author={Pedregosa, F. and others},
 journal={J. Mach. Learn. Res.},
 volume={12},
 pages={2825--2830},
 year={2011}
}

@inproceedings{cutura2018viscoder,
  title={VisCoDeR: A Tool for Visually Comparing Dimensionality Reduction Algorithms},
  author={Cutura, Rene and Holzer, Stefan and Aupetit, Micha{\"e}l and Sedlmair, Michael},
  booktitle = {Proc. 26th ESANN},
  month={Apr.},
  year={2018},
  address = {Bruges, Belgium}
}

@book{lee2007,
  title={Nonlinear dimensionality reduction},
  author={Lee, John A and Verleysen, Michel},
  year={2007},
  publisher={Springer Science \& Business Media}
}

@article{xiao2017/online,
  title={Fashion-{MNIST}: a novel image dataset for benchmarking machine learning algorithms},
  author={Xiao, Han and Rasul, Kashif and Vollgraf, Roland},
  journal={arXiv preprint arXiv:1708.07747},
  year={2017}
}

@techreport{harmeling2007exploring,
  title={Exploring model selection techniques for nonlinear dimensionality reduction},
  author={Harmeling, Stefan},
  institution={University of Edinburgh},
  number={EDI-INF-RR-0960},
  year={2007}
}

